<?xml version="1.0" encoding="UTF-8"?><collection xmlns="http://www.loc.gov/MARC21/slim"><record><leader>00463nam--2200181-i-4500</leader><controlfield tag="001">000031722</controlfield><controlfield tag="002">20161230</controlfield><controlfield tag="005">20161230201038</controlfield><controlfield tag="008">060222s1000------------r-----000-0-eng-d</controlfield><datafield ind1=" " ind2=" " tag="040"><subfield code="a">IFIN-HH</subfield></datafield><datafield ind1=" " ind2=" " tag="080"><subfield code="a">533.9</subfield></datafield><datafield ind1="1" ind2=" " tag="100"><subfield code="a">Linhart, J.G</subfield></datafield><datafield ind1="1" ind2="0" tag="245"><subfield code="a">Plasma physics</subfield><subfield code="b">J.g. linhart</subfield></datafield><datafield ind1=" " ind2=" " tag="260"><subfield code="a">Amsterdam, North-holland Publublishing Company, 1960</subfield></datafield><datafield ind1=" " ind2=" " tag="300"><subfield code="a">XI+278P</subfield></datafield><datafield ind1=" " ind2=" " tag="490"><subfield code="a">Series in Physics</subfield></datafield><datafield ind1=" " ind2=" " tag="852"><subfield code="a">14297</subfield><subfield code="c">533.9</subfield></datafield><datafield ind1=" " ind2=" " tag="CAT"><subfield code="a">Sys</subfield><subfield code="c">20100917</subfield><subfield code="h">120219</subfield></datafield></record></collection>